@misc{SCOTT,
  author = {Edgar Wright},
  title = {Scott Pilgrim vs\. the World},
  year = 2010,
  type = {film}
}

 @misc{ wiki:opencv,
   author = "Wikipédia",
   title = "OpenCV --- Wikipédia{,} l'encyclopédie libre",
   year = "2020",
   url = "\url{http://fr.wikipedia.org/w/index.php?title=OpenCV&oldid=166957581}",
   note = "[En ligne; Page disponible le 1-février-2020]"
 }

@online{BROWIFI,
  author = {Dorsey, Brannon},
  title = {The Perils of Probe Requests},
  year = 2017,
  howpublished = "\url{https://medium.com/@brannondorsey/wi-fi-is-broken-3f6054210fa5}",
  note = {2020-04-29}
}

 @misc{wiki:sonar,
   author = "Wikipédia",
   title = "SonarQube --- Wikipédia{,} l'encyclopédie libre",
   year = "2020",
   url = "\url{http://fr.wikipedia.org/w/index.php?title=SonarQube&oldid=169073286}",
   note = "[En ligne; Page disponible le 2-avril-2020]"
 }

@online{RANMAC1,
  author = {WiFi Nigel},
  title = {Randomized MAC addresses in 802.11 Probe Frames},
  year = 2018   ,
  howpublished = "\url{https://wifinigel.blogspot.com/2018/04/to-address-perceived-privacy-issues.html}",
  note = {2020-04-29}
}

@article{ASMARMD,
author = {Martin, Jeremy and Mayberry, Travis and Donahue, Collin and Foppe, Lucas and Brown, Lamont and Riggins, Chadwick and Rye, Erik and Brown, Dane},
year = {2017},
month = {03},
pages = {},
title = {A Study of MAC Address Randomization in Mobile Devices and When it Fails},
volume = {2017},
journal = {Proceedings on Privacy Enhancing Technologies},
doi = {10.1515/popets-2017-0054}
}

@online{WIFIKARMA,
  author = {hash3liZer},
  title = {WiFi Karma: A Brief Guide on Probe Response Frames},
  year = 2019   ,
  howpublished = "\url{https://www.shellvoide.com/wifi/wifi-karma-a-brief-guid-on-probe-response-frames/}",
  note = {2020-04-29}
}

@misc{APPLESUPPPRIVATE, 
  title={Use private Wi-Fi addresses in iOS 14, iPadOS 14, and watchOS 7}, 
  url={https://support.apple.com/en-us/HT211227}, 
  journal={Apple Support}, 
  publisher={Apple}, 
  year={2020}, 
  month={Jul}
} 

@online{connected:macrandom,
  author = {Matte Célestin},
  title = {MAC ADDRESS RANDOMIZATION: TOUR D'HORIZON},
  year = 2019   ,
  howpublished = "\url{https://connect.ed-diamond.com/MISC/MISC-096/MAC-Address-Randomization-tour-d-horizon}",
  note = {2020-06-17}
}

@online{hackernews:snowdan,
  author = {Swati Khandelwal},
  title = {Spying agencies tracking your location by capturing MAC address of your devices},
  year = 2019   ,
  howpublished = "\url{https://thehackernews.com/2014/01/spying-agencies-tracking-your-location_31.html}",
  note = {2020-06-17}
}

 @misc{ wiki:mac,
   author = "Wikipédia",
   title = "Adresse MAC --- Wikipédia{,} l'encyclopédie libre",
   year = "2020",
   url = "\url{http://fr.wikipedia.org/w/index.php?title=Adresse_MAC&oldid=168049416}",
   note = "[En ligne; Page disponible le 3-mars-2020]"
 }

@online{NANOWIKIT4,
  author = {Wiki contributors},
  title = {NanoPC-T4},
  year = 2020,
  howpublished = "\url{http://wiki.friendlyarm.com/wiki/index.php/NanoPC-T4}",
  note = {2020-04-29}
}

@manual{SKLEARNMINMAX,
  title        = {sklearn.preprocessing.MinMaxScaler¶},
  organization = {sklearn},
  note = {2020-06-16}
}

@manual{MANXU4,
  title        = {USER MANUAL ODROID-XU4},
  organization = {odroid},
  note = {2020-04-29}
}

@manual{MANRASP,
  title        = {Setting up your Raspberry Pi},
  organization = {Fondation Raspberry Pi},
  year         = 2020,
  note = {2020-04-29}
}

@manual{MANRASPCAM,
  title        = {Camera Module},
  organization = {Fondation Raspberry Pi},
  year         = 2020,
  note = {2020-04-29}
}

@misc{LPD,
  author= {Gouvernement de la Confédération suisse},
  title={Loi fédérale sur la protection des données},
  year={2018},
  note = {2020-04-29}
}

@online{MITPROBE,
  author = {Moin Nadeem},
  title = {How we tracked and analyzed over 200,000 people’s footsteps at MIT},
  year = 2017,
  howpublished = "\url{https://www.freecodecamp.org/news/tracking-analyzing-over-200-000-peoples-every-step-at-mit-e736a507ddbf/}",
  note = {2020-04-29}
}

@thesis{MACDEAKYN,
  author       = {Oisín Kyne}, 
  title        = {MAC Address De-Anonymisation},
  school       = {University College Dublin},
  year         = 2017,
  month        = 5,
  note = {2020-04-29}
}

@online{FLASKREST,
  author = {Doug Farrell},
  title = {Python REST APIs With Flask, Connexion, and SQLAlchemy},
  year = 2019,
  howpublished = "\url{https://realpython.com/flask-connexion-rest-api/}",
  note = {2020-04-29}
}

@misc{MACPY,
  author = {nlm},
  title = {macaddr.py},
  year = {2017},
  publisher = {GitHub},
  journal = {GitHub repository},
  howpublished = {\url{https://gist.github.com/nlm/9ec20c78c4881cf23ed132ae59570340}},
  revision = 1
}

https://github.com/awsdocs/amazon-rekognition-developer-guide/blob/master/doc_source/getting-started.md

@misc{AWSDOCS,
  author = {AWSChris},
  title = {AWS Rekognition developer guide},
  year = {2019},
  publisher = {GitHub},
  journal = {GitHub repository},
  howpublished = {\url{https://github.com/awsdocs/amazon-rekognition-developer-guide}},
  commit = {c74e1bd804bd57797773c5116f7780b479e956ec}
}

@online{SCREENTUTO,
  author = {Alex Eames},
  title = {Using Screen with Raspberry Pi to avoid leaving SSH sessions open},
  year = 2012,
  howpublished = "\url{https://raspi.tv/2012/using-screen-with-raspberry-pi-to-avoid-leaving-ssh-sessions-open}",
  note = {2020-07-27}
}

@online{COMPFAV,
  author = {dataturks},
  title = {Comparing the top face recognition APIs.},
  year = 2018,
  howpublished = "\url{https://dataturks.com/blog/face-verification-api-comparison.php}",
  note = {2020-04-29}
}

@online{OPENCVINSTA,
  author = {Adrian Rosebrock},
  title = {Install OpenCV 4 on Raspberry Pi 4 and Raspbian Buster},
  year = 2019,
  howpublished = "\url{https://www.pyimagesearch.com/2019/09/16/install-opencv-4-on-raspberry-pi-4-and-raspbian-buster/}",
  note = {2020-07-26}
}
https://www.pyimagesearch.com/2019/09/16/install-opencv-4-on-raspberry-pi-4-and-raspbian-buster/
@online{PRICEAZURE,
  author = {Microsoft},
  title = {Cognitive Services pricing - Face API},
  year = 2020,
  howpublished = "\url{https://azure.microsoft.com/en-us/pricing/details/cognitive-services/face-api/}",
  note = {2020-04-29}
}

@article{brey_2004, title={Ethical aspects of facial recognition systems in public places}, 
volume={2}, 
DOI={10.1108/14779960480000246}, 
number={2}, 
journal={Journal of Information, Communication and Ethics in Society}, 
author={Brey, Philip}, 
year={2004}, 
pages={97–109}
} 

@misc{DOORLOCK,
  author = {adneovrebo},
  title = {Face-recognition-door-opener-raspberry-pi},
  year = {2019},
  publisher = {GitHub},
  journal = {GitHub repository},
  howpublished = {\url{https://github.com/adneovrebo/Face-recognition-door-opener-raspberry-pi}},
  commit = {cbf8079c9973be1ec69cdd0bcfbe4410073f5ef8}
}

@techreport{Grother2019,
  doi = {10.6028/nist.ir.8280},
  url = {https://doi.org/10.6028/nist.ir.8280},
  year = {2019},
  month = dec,
  publisher = {National Institute of Standards and Technology},
  author = {Patrick Grother and Mei Ngan and Kayee Hanaoka},
  title = {Face recognition vendor test part 3:}
}

@article{crowdprobe,
author = {Hong, Hande and Silva, Girisha and Chan, Mun},
year = {2018},
month = {09},
pages = {1-23},
title = {CrowdProbe: Non-invasive Crowd Monitoring with Wi-Fi Probe},
volume = {2},
journal = {Proceedings of the ACM on Interactive, Mobile, Wearable and Ubiquitous Technologies},
doi = {10.1145/3264925}
}

@misc{HESCHARTE,
  author= {},
  title={Charte d'éthique et de déontologie des hautes écoles universitaire et spécialisée de Genève},
  note = {2020-04-29}
}